@inproceedings{liu2015last,
  title={Last-level cache side-channel attacks are practical},
  author={Liu, Fangfei and Yarom, Yuval and Ge, Qian and Heiser, Gernot and Lee, Ruby B},
  booktitle={Security and Privacy (SP), 2015 IEEE Symposium on},
  pages={605--622},
  year={2015},
  organization={IEEE}
}

@inproceedings{jaleel2010high,
  title={High performance cache replacement using re-reference interval prediction (RRIP)},
  author={Jaleel, Aamer and Theobald, Kevin B and Steely Jr, Simon C and Emer, Joel},
  booktitle={ACM SIGARCH Computer Architecture News},
  volume={38},
  number={3},
  pages={60--71},
  year={2010},
  organization={ACM}
}

@article{wong2015intel,
  title={Intel ivy bridge cache replacement policy},
  author={Wong, Henry},
  journal={Retrieved on July},
  volume={16},
  pages={149},
  year={2015}
}

@inproceedings{yarom2014flush,
  title={FLUSH+ RELOAD: A High Resolution, Low Noise, L3 Cache Side-Channel Attack.},
  author={Yarom, Yuval and Falkner, Katrina},
  booktitle={USENIX Security Symposium},
  pages={719--732},
  year={2014}
}

@article{claessen2011quickcheck,
  title={QuickCheck: a lightweight tool for random testing of Haskell programs},
  author={Claessen, Koen and Hughes, John},
  journal={Acm sigplan notices},
  volume={46},
  number={4},
  pages={53--64},
  year={2011},
  publisher={ACM}
}

@misc{qc1,
  title = {Quickcheck: Automatic testing of Haskell programs},
  howpublished = {\url{http://hackage.haskell.org/package/QuickCheck}}
}

@misc{qc2,
  title = {Introduction to QuickCheck},
  howpublished = {\url{https://wiki.haskell.org/Introduction_to_QuickCheck1}}
}

@misc{qc3,
  title = {Test.QuickCheck Haskell package},
  howpublished = {\url{http://hackage.haskell.org/package/QuickCheck-2.11.3/docs/Test-QuickCheck.html}}
}